<?xml version="1.0" encoding="UTF-8"?><record xmlns="http://www.loc.gov/MARC21/slim" xmlns:cinclude="http://apache.org/cocoon/include/1.0" xmlns:zs="http://www.loc.gov/zing/srw/">
  <leader>00409nz  a2200133n  4500</leader>
  <controlfield tag="001">nr 98026100 </controlfield>
  <controlfield tag="003">DLC</controlfield>
  <controlfield tag="005">19980716051602.5</controlfield>
  <controlfield tag="008">980715n| acannaab|          |a aaa     c</controlfield>
  <datafield tag="010" ind1=" " ind2=" ">
    <subfield code="a">nr 98026100 </subfield>
  </datafield>
  <datafield tag="040" ind1=" " ind2=" ">
    <subfield code="a">NIC</subfield>
    <subfield code="c">NIC</subfield>
  </datafield>
  <datafield tag="100" ind1="1" ind2="0">
    <subfield code="a">Chu, Hồng Thanh</subfield>
  </datafield>
  <datafield tag="400" ind1="0" ind2="0">
    <subfield code="a">Chu Hồng Thanh</subfield>
  </datafield>
  <datafield tag="670" ind1=" " ind2=" ">
    <subfield code="a">Quyền con người và luật quốc tế về quyền con người, 1997:</subfield>
    <subfield code="b">t.p. (Chu Hồng Thanh)</subfield>
  </datafield>
</record>